@inproceedings{Wang2,
  author =       {Anduo Wang and Limin Jia and Changbin Liu and Boon Thau Loo
                  and Oleg Sokolsky and Prithwish Basu},
  title =        {{Formally Verifiable Networking}},
  booktitle =    {8th Workshop on Hot Topics in Networks (HotNets)},
  year =         2009
}

@article{abiteboul-vianu,
  title =        {{Declarative Updates in Deductive Databases}},
  author =       "Abiteboul, Serge and Vianu, Victor",
  journal =      {Journal of Computer and System Sciences},
  volume =       43,
  pages =        {62--124},
  year =         1991
}

@article{argus,
  author =       {Liskov, Barbara},
  title =        {Distributed programming in {Argus}},
  journal =      {CACM},
  volume =       31,
  issue =        3,
  year =         1988,
  issn =         {0001-0782},
  pages =        {300--312},
  numpages =     13,
  publisher =    {ACM},
  address =      {New York, NY, USA}
}

@article{base,
  author =       {Pritchett, Dan},
  title =        {{BASE: An Acid Alternative}},
  journal =      {ACM Queue},
  volume =       6,
  number =       3,
  year =         2008,
  issn =         {1542-7730},
  pages =        {48--55},
}

@INPROCEEDINGS{bdd-datalog,
  author =       {John Whaley and Dzintars Avots and Michael Carbin and Monica
                  S. Lam},
  title =        {Using {Datalog} with {Binary Decision Diagrams} for {Program
                  Analysis}},
  booktitle =    {Proceedings of Programming Languages and Systems: Third Asian
                  Symposium},
  year =         2005
}

@inproceedings{beyond,
  author =       {Pat Helland},
  title =        {{Life beyond Distributed Transactions: an Apostate's Opinion}},
  booktitle =    {CIDR},
  year =         2007
}

@inproceedings{boom-eurosys,
  Author =       {Alvaro, Peter and Condie, Tyson and Conway, Neil and
                  Elmeleegy, Khaled and Hellerstein, Joseph M. and Sears,
                  Russell C},
  Booktitle =    {EuroSys},
  Title =        {{BOOM Analytics: Exploring Data-centric, Declarative
                  Programming for the Cloud}},
  Year =         2010,
}

@inproceedings{chomicki-infinite,
  author =       {Chomicki, Jan and Imieli\'{n}ski, Tomasz},
  title =        {{Temporal Deductive Databases and Infinite Objects}},
  booktitle =    {PODS},
  year =         1988,
  pages =        {61--73},
}

@inproceedings{committedchoice,
  author =       {Jaffar, Joxan and Yap, Roland H. C. and Zhu, Kenny Q.},
  title =        {{Generalized Committed Choice}},
  booktitle =    {Proceedings of the 9th International Conference on
                  Coordination Models and Languages},
  year =         2007
}

@inproceedings{constructivism,
  author =       {Bry, F.},
  title =        {{Logic Programming as Constructivism: a Formalization and its
                  Application to Databases}},
  booktitle =    {PODS},
  year =         1989,
  isbn =         {0-89791-308-6},
  pages =        {34--50},
  location =     {Philadelphia, Pennsylvania, United States},
  publisher =    {ACM},
  address =      {New York, NY, USA},
}

@inproceedings{dangers,
  author =       {Gray, Jim and Helland, Pat and O'Neil, Patrick and Shasha,
                  Dennis},
  title =        {{The Dangers of Replication and a Solution}},
  booktitle =    {SIGMOD},
  year =         1996
}

@inproceedings{dedalus,
  Author =       {Peter Alvaro and William R. Marczak and Neil Conway and Joseph
                  M. Hellerstein and David Maier and Russell Sears},
  Title =        {{Dedalus: Datalog in Time and Space}},
  booktitle =    {Proc. Datalog 2.0 Workshop (to appear)},
  Year =         2011,
}

@article{deductivesurvey,
  title =        {{A Survey of Research in Deductive Database Systems}},
  author =       {R. Ramakrishnan and J. Ullman},
  journal =      "Journal of Logic Programming",
  month =        May,
  year =         1995,
  pages =        {125-149},
  abstract =     {The area of deductive databases has matured in recent years,
                  and it now seems appropriate to reflect upon what has been
                  achieved and what the future holds. In this paper, we provide
                  an overview of the area and briefly describe a number of
                  projects that have led to implemented systems.}
}

@article{deductiveupdates,
  title =        {{Declarative Updates in Deductive Databases}},
  author =       "Liu, Mencheng and Cleary, John",
  journal =      {Journal of Computing and Information},
  volume =       1,
  pages =        {1435--1446},
  year =         1994
}

@inproceedings{demoor,
  author =       {Sereni, Damien and Avgustinov, Pavel and de Moor, Oege},
  title =        {{Adding Magic to an Optimising Datalog Compiler}},
  booktitle =    {SIGMOD},
  year =         2008
}

@INPROCEEDINGS{dynamo,
  author =       {Deniz Hastorun and others},
  title =        {{Dynamo: Amazon's Highly Available Key-Value Store}},
  booktitle =    {SOSP},
  year =         2007
}

@INPROCEEDINGS{eventchoice,
  author =       {Antonella Guzzo and Domenico Sacca},
  title =        {{Modelling the Future with Event Choice DATALOG}},
  booktitle =    {Proc. AGP Conference},
  year =         2002,
  pages =        {53--70}
}

@inproceedings{fate-destini,
  Author =       {Haryadi S. Gunawi and others},
  title =        {{FATE and DESTINI: A Framework for Cloud Recovery Testing}},
  booktitle =    "NSDI (to appear)",
  year =         2011
}

@inproceedings{gem,
  author =       {Carlo Zaniolo},
  title =        {The Database Language {GEM}},
  booktitle =    {SIGMOD},
  year =         1983
}

@ARTICLE{glue-nail,
  author =       {Marcia A. Derr and Shinichi Morishita and Geoffrey Phipps},
  title =        {{The Glue-Nail Deductive Database System: Design,
                  Implementation, and Evaluation}},
  journal =      {The VLDB Journal},
  year =         1994,
  volume =       3,
  pages =        {123--160}
}

@inproceedings{greedybychoice,
  author =       {Greco, Sergio and Zaniolo, Carlo and Ganguly, Sumit},
  title =        {{Greedy by Choice}},
  booktitle =    {ACM Symposium on Principles of Database Systems (PODS)},
  year =         1992,
}

@inproceedings{greedychoice,
  author =       {Greco, Sergio and Zaniolo, Carlo},
  title =        {{Greedy Algorithms in Datalog with Choice and Negation}},
  booktitle =    {JICSLP'98: Proceedings of the 1998 Joint International
                  Conference and Symposium on Logic Programming},
  year =         1998,
  isbn =         {0-262-60031-5},
  pages =        {294--309},
  location =     {Manchester, United Kingdom},
  publisher =    {MIT Press},
  address =      {Cambridge, MA, USA},
}

@INPROCEEDINGS{harmful,
  author =       {John G. Cleary and Mark Utting and Roger Clayton},
  title =        {{Data Structures Considered Harmful}},
  booktitle =    {Australasian Workshop on Computational Logic},
  year =         2000
}

@article{ldl,
  author =       {Chimenti, D. and Gamboa, R. and Krishnamurthy, R. and Naqvi,
                  S. and Tsur, S. and Zaniolo, C.},
  title =        {{The LDL System Prototype}},
  journal =      {IEEE Trans. on Knowl. and Data Eng.},
  volume =       2,
  number =       1,
  year =         1990,
  pages =        {76--90},
}

@INPROCEEDINGS{levy,
  author =       {Alon Levy Dept and Alon Levy and Yehoshua Sagiv},
  title =        {{Constraints and Redundancy in Datalog}},
  booktitle =    {In Proceedings of the Eleventh Symposium on Principles of
                  Database Systems (PODS},
  year =         1992
}

@article{linda,
  author =       {Gelernter, David},
  title =        {Generative communication in {Linda}},
  journal =      {ACM Trans. Program. Lang. Syst.},
  volume =       7,
  issue =        1,
  month =        {January},
  year =         1985,
  pages =        {80--112},
  numpages =     33,
}

@inbook{local-strat,
  author =       {Przymusinski, Teodor C.},
  title =        {{On the Declarative Semantics of Deductive Databases and Logic
                  Programs}},
  booktitle =    {{Foundations of Deductive Databases and Logic Programming}},
  pages =        {193--216},
  editor =       {Minker, Jack},
  publisher =    {Morgan Kaufmann},
  address =      {Los Altos, CA},
  year =         1988,
}

@inproceedings{meld,
  Author =       {Michael P. Ashley-Rollman and Peter Lee and Seth Copen
                  Goldstein and Padmanabhan Pillai and Jason D. Campbell},
  Booktitle =    {Proceedings of the International Conference on Logic
                  Programming},
  Title =        {{A Language for Large Ensembles of Independently Executing
                  Nodes}},
  Year =         2009
}

@book{mullender,
  editor =       {Sape Mullender},
  title =        {{Distributed Systems}},
  publisher =    {Addison-Wesley},
  year =         1993,
  edition =      {Second}
}

@article{mumickshmueli,
  Title =        {{How Expressive is Stratified Aggregation?}},
  Journal =      {Annals of Mathematics and Artificial Intelligence},
  Volume =       15,
  Number =       {3-4},
  Month =        Sep,
  year =         1995,
  Pages =        {407-435},
  Author =       "Inderpal Singh Mumick and Oded Shmueli"
}

@inproceedings{navarro,
  Author =       {Juan A. Navarro and Andrey Rybalchenko},
  Bibsource =    {DBLP, http://dblp.uni-trier.de},
  Booktitle =    {PADL},
  Date-Added =   {2009-07-24 17:13:04 -0700},
  Date-Modified ={2009-07-29 00:39:53 -0700},
  Keywords =     {Overlog, P2},
  Pages =        {76-90},
  Title =        {{Operational Semantics for Declarative Networking}},
  Year =         2009
}

@article{netdb,
  author =       {Alvaro, Peter and Condie, Tyson and Conway, Neil and
                  Hellerstein, Joseph M. and Sears, Russell},
  title =        {{I Do Declare: Consensus in a Logic Language}},
  journal =      {SIGOPS Oper. Syst. Rev.},
 volume = {43},
 issue = {4},
 month = {January},
 year = {2010},
 pages = {25--30},
}

@inproceedings{p2,
  title =        {{Implementing Declarative Overlays}},
  author =       {Loo, Boon Thau and others},
  booktitle =    "SOSP",
  year =         2005
}

@inproceedings{papa-yanna,
  author =       {Papadimitriou, Christos H. and Yannakakis, Mihalis},
  title =        {{Tie-Breaking Semantics and Structural Totality}},
  booktitle =    {ACM Symposium on Principles of Database Systems (PODS)},
  year =         1992,
  Pages =        {16--22},
}

@article{part-time,
  author =       {Lamport, Leslie},
  title =        {{The Part-Time Parliament}},
  journal =      {ACM Transactions on Computer Systems},
  volume =       16,
  number =       2,
  year =         1998,
  pages =        {133--169},
}

@inproceedings{podskey,
  author =       {Hellerstein, Joseph M.},
  title =        {{The Declarative Imperative: Experiences and Conjectures in
                  Distributed Logic}},
  booktitle =    {PODS '10: Proceedings of the twenty-ninth ACM
                  SIGMOD-SIGACT-SIGART symposium on Principles of database
                  systems of data},
  year =         2010,
}

@article{podskey-sigrec,
 author = {Hellerstein, Joseph M.},
 title = {The declarative imperative: experiences and conjectures in distributed logic},
 journal = {SIGMOD Rec.},
 volume = {39},
 issue = {1},
 month = {September},
 year = {2010},
 pages = {5--19},
} 


@inproceedings{postgres-adt,
  author =       {Stonebraker, Michael},
  title =        {{Inclusion of New Types in Relational Data Base Systems}},
  booktitle =    {ICDE},
  year =         1986
}

@inproceedings{prologevents,
  author =       {Zhou, Neng-Fa},
  title =        {{Authoring Graphics-Rich and Interactive Documents in CGLIB --
                  A Constraint-Based Graphics Library}},
  booktitle =    {Proceedings of the 2001 ACM Symposium on Document Engineering},
  year =         2001
}

@article{prz,
  author =       {Przymusinski, T. C.},
  title =        {{On the Declarative Semantics of Deductive Databases and Logic
                  Programs}},
  book =         {Foundations of Deductive Databases and Logic Programming},
  year =         1988,
  isbn =         {0-934613-40-0},
  pages =        {193--216},
  publisher =    {Morgan Kaufmann Publishers Inc.},
  address =      {San Francisco, CA, USA},
}

@inproceedings{quicksand,
  author =       {Pat Helland and David Campbell},
  title =        {{Building on Quicksand}},
  booktitle =    {CIDR},
  year =         2009
}

@article{reactors,
  author =       {Field, John and Marinescu, Maria-Cristina and Stefansen,
                  Christian},
  title =        {{Reactors: A Data-Oriented Synchronous/Asynchronous
                  Programming Model for Distributed Applications}},
  journal =      {Theoretical Computer Science},
  volume =       410,
  number =       {2-3},
  year =         2009,
 month = {February},
}

@inproceedings{ross-modular,
  author =       {Ross, Kenneth A.},
  title =        {Modular stratification and magic sets for {DATALOG} programs
                  with negation},
  booktitle =    {PODS},
  year =         1990
}

@inproceedings{ross-strat,
  author =       {Ross, Kenneth A.},
  title =        {A syntactic stratification condition using constraints},
  booktitle =    {International Symposium on Logic Programming},
  year =         1994,
  pages =        {76--90},
}

@INPROCEEDINGS{ross-syntactic,
  author =       {Kenneth Ross},
  title =        {{A Syntactic Stratification Condition Using Constraints}},
  booktitle =    {Proceedings of the International Symposium on Logic
                  Programming},
  year =         1994,
  pages =        {76--90}
}

@inproceedings{sacca-zaniolo,
  author =       {Sacc\`{a}, Domenico and Zaniolo, Caro},
  title =        {{Stable Models and Non-Determinism in Logic Programs with
                  Negation}},
  booktitle =    {ACM Symposium on Principles of Database Systems (PODS)},
  year =         1990,
  pages =        {205--217},
}

@inproceedings{sagas,
  author =       {Hector Garcia-Molina and Kenneth Salem},
  title =        {Sagas},
  booktitle =    {SIGMOD},
  year =         1987
}

@book{scheme,
  editor =       {Harold Abelson and Gerald Jay Sussman},
  title =        {{Structure and Interpretation of Computer Programs}},
  publisher =    {McGraw Hill},
  year =         1996,
  edition =      {Second}
}

@article{sd3,
  author =       {Trevor Jim},
  title =        {{SD3: A Trust Management System with Certified Evaluation}},
  journal =      {Security and Privacy, IEEE Symposium on},
  volume =       0,
  year =         2001,
  issn =         {1540-7993},
  pages =        0106,
  publisher =    {IEEE Computer Society},
  address =      {Los Alamitos, CA, USA},
}

@INPROCEEDINGS{starlog,
  author =       {Lunjin Lu and John G. Cleary},
  title =        {{An Operational Semantics of Starlog}},
  booktitle =    {Principles and Practice of Declarative Programming},
  year =         1999
}

@inproceedings {statelog,
  author =       "Georg Lausen, Bertram Lud$\ddot{a}$scher, Wolfgang May",
  booktitle =    "Transactions and Change in Logic Databases",
  pages =        "69-106",
  title =        {{On Active Deductive Databases: The Statelog Approach}},
  year =         1998,
}

@inproceedings{supersafety,
  author =       {Kifer, Michael and Ramakrishnan, Raghu and Silberschatz, Avi},
  title =        {{An Axiomatic Approach to Deciding Query Safety in Deductive
                  Databases}},
  booktitle =    {PODS '88: Proceedings of the seventh ACM SIGACT-SIGMOD-SIGART
                  symposium on Principles of database systems},
  year =         1988,
  isbn =         {0-89791-263-2},
  pages =        {52--60},
  location =     {Austin, Texas, United States},
  publisher =    {ACM},
  address =      {New York, NY, USA},
}

@article{tag,
  author =       {Madden, Samuel and Franklin, Michael J. and Hellerstein,
                  Joseph M. and Hong, Wei},
  title =        {{TAG: a Tiny AGgregation Service for Ad-Hoc Sensor Networks}},
  journal =      {SIGOPS Operating Systems Review},
  volume =       36,
  number =       {SI},
  year =         2002,
  issn =         {0163-5980},
  pages =        {131--146},
  publisher =    {ACM},
  address =      {New York, NY, USA},
}

@article{taint,
  author =       "Sabelfeld, A. and Myers, A.C.",
  title =        {{Language-Based Information-Flow Security}},
  journal =      {Selected Areas in Communications},
  volume =       21,
  number =       1,
  year =         2003,
  pages =        "5--19"
}

@inproceedings{tccp,
  author =       {Vijay A. Saraswat and Radha Jagadeesan and Vineet Gupta},
  title =        {{Foundations of Timed Concurrent Constraint Programming}},
  booktitle =    {LICS},
  year =         1994,
  pages =        {71--80},
  bibsource =    {DBLP, http://dblp.uni-trier.de}
}

@article{tdccp,
  author =       {Saraswat, Vijay and Jagadeesan, Radha and Gupta, Vineet},
  title =        {{Timed Default Concurrent Constraint Programming}},
  journal =      {Journal of Symbolic Computation},
  volume =       22,
  number =       {5-6},
  year =         1996,
  pages =        {475--520},
}

@article{timeclocks,
  author =       {Lamport, Leslie},
  title =        {{Time, Clocks, and the Ordering of Events in a Distributed
                  System}},
  journal =      {Communications of the ACM},
  volume =       21,
  number =       7,
  year =         1978,
  pages =        {558--565},
  publisher =    {ACM},
}

@article{tla,
  title =        {{The Temporal Logic of Actions}},
  author =       {Leslie Lamport},
  journal =      {ACM Toplas},
  volume =       16,
  number =       3,
  month =        May,
  year =         1994,
  pages =        "872-923"
}

@article{udatalog-neg,
  author =       {Bertino, Elisa and Catania, Barbara and Gori, Roberta},
  title =        {{Enhancing the Expressive Power of the U-Datalog Language}},
  journal =      {Theory and Practice of Logic Programming},
  volume =       1,
  number =       1,
  year =         2001,
  pages =        {105--122},
}

@book{ullmanbook,
  author =       {Ullman, Jeffrey D.},
  title =        {{Principles of Database and Knowledge-Base Systems: Volume II:
                  The New Technologies}},
  year =         1990,
  publisher =    {W. H. Freeman \& Co.},
}

@article{vogels,
  title =        {{Eventually Consistent}},
  author =       {Werner Vogels},
  journal =      {CACM},
  volume =       52,
  number =       1,
  pages =        {40--44},
  year =         2009,
  publisher =    {ACM}
}

@inproceedings{wang,
  author =       {Wang, Anduo and Basu, Prithwish and Loo, Boon Thau and
                  Sokolsky, Oleg},
  title =        {{Declarative Network Verification}},
  booktitle =    {PADL '09: Proceedings of the 11th International Symposium on
                  Practical Aspects of Declarative Languages},
  year =         2009
}

@inproceedings{weak-strat,
  author =       {Przymusinska, Halina and Przymusinksi, Teodor C.},
  title =        {{Weakly Perfect Model Semantics for Logic Programs}},
  booktitle =    {Fifth International Conference Symposium on Logic Programming},
  pages =        {1106-1122},
  year =         1988,
}

@ARTICLE{wellfounded,
  author =       {Allen Van Gelder and Kenneth A. Ross and John S. Schlipf},
  title =        {{The Well-Founded Semantics for General Logic Programs}},
  journal =      {Journal of the ACM},
  year =         1991,
  volume =       38,
  pages =        {620--650}
}

@book{widom1996active,
  title =        {{Active database systems: Triggers and rules for advanced
                  database processing}},
  author =       {Widom, J. and Ceri, S.},
  year =         1996,
  publisher =    {Morgan Kaufmann}
}

@inproceedings{ycsb,
  author =       {Brian F. Cooper and Adam Silberstein and Erwin Tam and Raghu
                  Ramakrishnan and Russell Sears},
  title =        {Benchmarking cloud serving systems with {YCSB}},
  booktitle =    {SoCC},
  year =         2010,
  pages =        {143-154}
}

@inproceedings{leases,
	 author = {Gray, C. and Cheriton, D.},
	 title = {Leases: an efficient fault-tolerant mechanism for distributed file cache consistency},
	 booktitle = {SOSP},
	 year = {1989}
	}
	
@inproceedings{bayou,
	 author = {Terry, D. B. and Theimer, M. M. and Petersen, Karin and Demers, A. J. and Spreitzer, M. J. and Hauser, C. H.},
	 title = {Managing update conflicts in {Bayou}, a weakly connected replicated storage system},
	 booktitle = {SOSP},
	 year = {1995}
	}

@inproceedings{coherence,
  author = {Jonathan Edwards},
  title = {{Coherent Reaction}},
  booktitle = {OOPSLA},
  year = 2009
}

@inproceedings{secureblox,
 author = {Marczak, William R. and Huang, Shan Shan and Bravenboer, Martin and Sherr, Micah and Loo, Boon Thau and Aref, Molham},
 title = {SecureBlox: customizable secure distributed data processing},
 booktitle = {SIGMOD},
 year = 2010
}